@article{ensembl,
  title={Ensembl 2022},
  author={Cunningham, Fiona and Allen, James E and Allen, Jamie and Alvarez-Jarreta, Jorge and Amode, M Ridwan and Armean, Irina M and Austine-Orimoloye, Olanrewaju and Azov, Andrey G and Barnes, If and Bennett, Ruth and others},
  journal={Nucleic acids research},
  volume={50},
  number={D1},
  pages={D988--D995},
  year={2022},
  publisher={Oxford University Press}
}
@article{ncbi,
  title={Database resources of the national center for biotechnology information},
  author={Wheeler, David L and Barrett, Tanya and Benson, Dennis A and Bryant, Stephen H and Canese, Kathi and Chetvernin, Vyacheslav and Church, Deanna M and DiCuccio, Michael and Edgar, Ron and Federhen, Scott and others},
  journal={Nucleic acids research},
  volume={36},
  number={suppl\_1},
  pages={D13--D21},
  year={2007},
  publisher={Oxford University Press}
}
@article{mitos,
  title={MITOS: improved de novo metazoan mitochondrial genome annotation},
  author={Bernt, Matthias and Donath, Alexander and J{\"u}hling, Frank and Externbrink, Fabian and Florentz, Catherine and Fritzsch, Guido and P{\"u}tz, Joern and Middendorf, Martin and Stadler, Peter F},
  journal={Molecular phylogenetics and evolution},
  volume={69},
  number={2},
  pages={313--319},
  year={2013},
  publisher={Elsevier}
}
@article{lastal,
  title={Adaptive seeds tame genomic sequence comparison},
  author={Kie{\l}basa, Szymon M and Wan, Raymond and Sato, Kengo and Horton, Paul and Frith, Martin C},
  journal={Genome research},
  volume={21},
  number={3},
  pages={487--493},
  year={2011},
  publisher={Cold Spring Harbor Lab}
}
@article{e_threshold,
  title={Mammalian NUMT insertion is non-random},
  author={Tsuji, Junko and Frith, Martin C and Tomii, Kentaro and Horton, Paul},
  journal={Nucleic acids research},
  volume={40},
  number={18},
  pages={9073--9088},
  year={2012},
  publisher={Oxford University Press}
}
@article{scipy,
  title={SciPy 1.0: fundamental algorithms for scientific computing in Python},
  author={Virtanen, Pauli and Gommers, Ralf and Oliphant, Travis E and Haberland, Matt and Reddy, Tyler and Cournapeau, David and Burovski, Evgeni and Peterson, Pearu and Weckesser, Warren and Bright, Jonathan and others},
  journal={Nature methods},
  volume={17},
  number={3},
  pages={261--272},
  year={2020},
  publisher={Nature Publishing Group}
}
@article{seqfold,
  title={SeqFold: genome-scale reconstruction of RNA secondary structure integrating high-throughput sequencing data},
  author={Ouyang, Zhengqing and Snyder, Michael P and Chang, Howard Y},
  journal={Genome research},
  volume={23},
  number={2},
  pages={377--387},
  year={2013},
  publisher={Cold Spring Harbor Lab}
}
@article{kimura2,
  title={An extension of the Kimura two-parameter model to the natural evolutionary process},
  author={Nishimaki, Takuma and Sato, Keiko},
  journal={Journal of molecular evolution},
  volume={87},
  number={1},
  pages={60--67},
  year={2019},
  publisher={Springer}
}
@article{samtools,
  title={The sequence alignment/map format and SAMtools},
  author={Li, Heng and Handsaker, Bob and Wysoker, Alec and Fennell, Tim and Ruan, Jue and Homer, Nils and Marth, Gabor and Abecasis, Goncalo and Durbin, Richard},
  journal={Bioinformatics},
  volume={25},
  number={16},
  pages={2078--2079},
  year={2009},
  publisher={Oxford University Press}
}
@article{phangorn,
  title={phangorn: phylogenetic analysis in R},
  author={Schliep, Klaus Peter},
  journal={Bioinformatics},
  volume={27},
  number={4},
  pages={592--593},
  year={2011},
  publisher={Oxford University Press}
}
@article{matplotlib,
  title={Matplotlib: A 2D graphics environment},
  author={Hunter, John D},
  journal={Computing in science \& engineering},
  volume={9},
  number={03},
  pages={90--95},
  year={2007},
  publisher={IEEE Computer Society}
}
@article{seaborn,
  title={Seaborn: statistical data visualization},
  author={Waskom, Michael L},
  journal={Journal of Open Source Software},
  volume={6},
  number={60},
  pages={3021},
  year={2021}
}
@article{phylogenetic_method,
  title={Cytochrome b pseudogene originated from a highly divergent mitochondrial lineage in genus Rupicapra},
  author={Rodr{\'\i}guez, Fernando and Albornoz, Jes{\'u}s and Dom{\'\i}nguez, Ana},
  journal={Journal of Heredity},
  volume={98},
  number={3},
  pages={243--249},
  year={2007},
  publisher={Oxford University Press}
}
@article{trna_expression,
  title={Distribution of nuclear mitochondrial DNA in cattle nuclear genome},
  author={Liu, Y and Zhao, X},
  journal={Journal of Animal Breeding and Genetics},
  volume={124},
  number={5},
  pages={264--268},
  year={2007},
  publisher={Wiley Online Library}
}
@article{mouse_numts1,
  title={Primates and mouse NumtS in the UCSC Genome Browser},
  author={Calabrese, Francesco Maria and Simone, Domenico and Attimonelli, Marcella},
  journal={BMC bioinformatics},
  volume={13},
  number={4},
  pages={1--9},
  year={2012},
  publisher={BioMed Central}
}
@article{wasp_numts,
  title={Tracking the distribution and burst of nuclear mitochondrial DNA sequences (NUMTs) in Fig Wasp Genomes},
  author={Wang, Jian-Xia and Liu, Jing and Miao, Yun-Heng and Huang, Da-Wei and Xiao, Jin-Hua},
  journal={Insects},
  volume={11},
  number={10},
  pages={680},
  year={2020},
  publisher={MDPI}
}
@article{molecular_poltergeists,
  title={Molecular poltergeists: mitochondrial DNA copies (numts) in sequenced nuclear genomes},
  author={Hazkani-Covo, Einat and Zeller, Raymond M and Martin, William},
  journal={PLoS genetics},
  volume={6},
  number={2},
  pages={e1000834},
  year={2010},
  publisher={Public Library of Science San Francisco, USA}
}
@article{chrsize_corr_numtnumber,
  title={The RHNumtS compilation: features and bioinformatics approaches to locate and quantify Human NumtS},
  author={Lascaro, Daniela and Castellana, Stefano and Gasparre, Giuseppe and Romeo, Giovanni and Saccone, Cecilia and Attimonelli, Marcella},
  journal={BMC genomics},
  volume={9},
  number={1},
  pages={1--13},
  year={2008},
  publisher={Springer}
}
@article{bee_numts,
  title={Analysis of nuclear copies of mitochondrial sequences in honeybee (Apis mellifera) genome},
  author={Behura, Susanta K},
  journal={Molecular biology and evolution},
  volume={24},
  number={7},
  pages={1492--1505},
  year={2007},
  publisher={Oxford University Press}
}
@article{human_numts,
  title={The reference human nuclear mitochondrial sequences compilation validated and implemented on the UCSC genome browser},
  author={Simone, Domenico and Calabrese, Francesco Maria and Lang, Martin and Gasparre, Giuseppe and Attimonelli, Marcella},
  journal={BMC genomics},
  volume={12},
  number={1},
  pages={1--11},
  year={2011},
  publisher={BioMed Central}
}
@article{numt_fragmentation,
  title={Lineage-specific fragmentation and nuclear relocation of the mitochondrial cox2 gene in chlorophycean green algae (Chlorophyta)},
  author={Rodr{\'\i}guez-Salinas, Elizabeth and Riveros-Rosas, H{\'e}ctor and Li, Zhongkui and Fu{\v{c}}{\'\i}kov{\'a}, Karolina and Brand, Jerry J and Lewis, Louise A and Gonz{\'a}lez-Halphen, Diego},
  journal={Molecular phylogenetics and evolution},
  volume={64},
  number={1},
  pages={166--176},
  year={2012},
  publisher={Elsevier}
}
@article{genetic_codes,
  title={On the origin of the mitochondrial genetic code: towards a unified mathematical framework for the management of genetic information},
  author={Gonzalez, Diego Luis and Giannerini, Simone and Rosa, Rodolfo},
  journal={Nature precedings},
  volume={7},
  pages={1--1},
  year={2012},
  publisher={Nature Publishing Group UK}
}
@article{genomic_origin_of_mtrnas,
  title={The genomic origins of small mitochondrial RNAs: are they transcribed by the mitochondrial DNA or by mitochondrial pseudogenes within the nucleus (NUMTs)?},
  author={Pozzi, Andrea and Dowling, Damian K},
  journal={Genome biology and evolution},
  volume={11},
  number={7},
  pages={1883--1896},
  year={2019},
  publisher={Oxford University Press}
}
@article{rna_structure,
  title={ENTRNA: a framework to predict RNA foldability},
  author={Su, Congzhe and Weir, Jeffery D and Zhang, Fei and Yan, Hao and Wu, Teresa},
  journal={BMC bioinformatics},
  volume={20},
  number={1},
  pages={1--11},
  year={2019},
  publisher={Springer}
}
@article{mice_strains,
  title={Sixteen diverse laboratory mouse reference genomes define strain-specific haplotypes and novel functional loci},
  author={Lilue, Jingtao and Doran, Anthony G and Fiddes, Ian T and Abrudan, Monica and Armstrong, Joel and Bennett, Ruth and Chow, William and Collins, Joanna and Collins, Stephan and Czechanski, Anne and others},
  journal={Nature genetics},
  volume={50},
  number={11},
  pages={1574--1583},
  year={2018},
  publisher={Nature Publishing Group}
}